@article{kamilaris2019rise,
  title={The Rise of Blockchain Technology in Agriculture and Food Supply Chains},
  author={Kamilaris, Andreas and Fonts, Agusti and Prenafeta-Bold{\'u}, Francesc X},
  journal={Trends in Food Science \& Technology},
  year={2019},
  publisher={Elsevier}
}
@inproceedings{ekblaw2016case,
  title={A Case Study for Blockchain in Healthcare:“MedRec” prototype for electronic health records and medical research data},
  author={Ekblaw, Ariel and Azaria, Asaph and Halamka, John D and Lippman, Andrew},
  booktitle={Proceedings of IEEE open \& big data conference},
  volume={13},
  pages={13},
  year={2016}
}
@article{turkanovic2018eductx,
  title={EduCTX: A blockchain-based higher education credit platform},
  author={Turkanovi{\'c}, Muhamed and H{\"o}lbl, Marko and Ko{\v{s}}i{\v{c}}, Kristjan and Heri{\v{c}}ko, Marjan and Kami{\v{s}}ali{\'c}, Aida},
  journal={IEEE access},
  volume={6},
  pages={5112--5127},
  year={2018},
  publisher={IEEE}
}
@article{andoni2019blockchain,
  title={Blockchain technology in the energy sector: A systematic review of challenges and opportunities},
  author={Andoni, Merlinda and Robu, Valentin and Flynn, David and Abram, Simone and Geach, Dale and Jenkins, David and McCallum, Peter and Peacock, Andrew},
  journal={Renewable and Sustainable Energy Reviews},
  volume={100},
  pages={143--174},
  year={2019},
  publisher={Elsevier}
}
@article{bi,
  title={The Blockchain for Impact:Technical White Paper},
  author={Zug Schweiz},
  journal={https://ixo.foundation/},
  year={2018}
}
@article{fao,
  title={E-Agriculture in Action: Blockchain for Agriculture Opportunities and Challenges},
  author={Gerard Sylvester},
  year={2019},
  publisher={FAO,UNO}
}
@inproceedings{bermeo2018blockchain,
  title={Blockchain in agriculture: a systematic literature review},
  author={Bermeo-Almeida, Oscar and Cardenas-Rodriguez, Mario and Samaniego-Cobo, Teresa and Ferruzola-G{\'o}mez, Enrique and Cabezas-Cabezas, Roberto and Baz{\'a}n-Vera, William},
  booktitle={International Conference on Technologies and Innovation},
  pages={44--56},
  year={2018},
  organization={Springer}
}
@techreport{catalini2018initial,
  title={Initial coin offerings and the value of crypto tokens},
  author={Catalini, Christian and Gans, Joshua S},
  year={2018},
  institution={National Bureau of Economic Research}
}
@article{arya2008jaipur,
  title={The jaipur foot},
  author={Arya, AP and Klenerman, L},
  journal={The Journal of bone and joint surgery. British volume},
  volume={90},
  number={11},
  pages={1414--1421},
  year={2008},
  publisher={The British Editorial Society of Bone and Joint Surgery}
}
@article{mccall2013undp,
  title={UNDP to re-engineer funding strategy},
  author={McCall, Becky},
  journal={The Lancet},
  volume={381},
  number={9867},
  pages={613},
  year={2013},
  publisher={Elsevier}
}
@techreport{world2002traditional,
  title={WHO traditional medicine strategy 2002-2005},
  author={World Health Organization and others},
  year={2002},
  institution={Geneva: World Health Organization}
}
@article{fao2015wfp,
  title={WFP. 2015},
  author={Fao, Ifad},
  journal={The state of food insecurity in the world},
  pages={1--62},
  year={2015}
}
@article{uni,
  title={Regional Development Agencies and the knowledge economy: harnessing the potential of universities},
  author={Goddard, JB and Chatterton, Paul},
  journal={Environment and planning C: Government and Policy},
  volume={17},
  number={6},
  pages={685--699},
  year={1999},
  publisher={SAGE Publications Sage UK: London, England}
}
@article{assembly2015sustainable,
  title={Sustainable development goals},
  author={Assembly, General},
  journal={SDGs), Transforming our world: the},
  volume={2030},
  year={2015}
}
@article{nilsson2016policy,
  title={Policy: map the interactions between Sustainable Development Goals},
  author={Nilsson, M{\aa}ns and Griggs, Dave and Visbeck, Martin},
  journal={Nature News},
  volume={534},
  number={7607},
  pages={320},
  year={2016}
}
@article{wu2018information,
  title={Information and communications technologies for sustainable development goals: state-of-the-art, needs and perspectives},
  author={Wu, Jinsong and Guo, Song and Huang, Huawei and Liu, William and Xiang, Yong},
  journal={IEEE Communications Surveys \& Tutorials},
  volume={20},
  number={3},
  pages={2389--2406},
  year={2018},
  publisher={IEEE}
}
@inproceedings{culibrina2015smart,
  title={Smart farm using wireless sensor network for data acquisition and power control distribution},
  author={Culibrina, Francisco B and Dadios, Elmer P},
  booktitle={2015 International Conference on Humanoid, Nanotechnology, Information Technology, Communication and Control, Environment and Management (HNICEM)},
  pages={1--6},
  year={2015},
  organization={IEEE}
}
@inproceedings{singh2015innovation,
  title={Innovation for crop quality certification using ICT},
  author={Singh, Dineshkumar and Pande, Arun and Kulkarni, Sonali and Kimbahune, Sanjay and Hanwate, Tushar and Sawarkar, Ankush},
  booktitle={2015 7th International Conference on Communication Systems and Networks (COMSNETS)},
  pages={1--6},
  year={2015},
  organization={IEEE}
}
@article{rioja2004finance,
  title={Finance and the sources of growth at various stages of economic development},
  author={Rioja, Felix and Valev, Neven},
  journal={Economic Inquiry},
  volume={42},
  number={1},
  pages={127--140},
  year={2004},
  publisher={Wiley Online Library}
}
@article{lund2007renewable,
  title={Renewable energy strategies for sustainable development},
  author={Lund, Henrik},
  journal={Energy},
  volume={32},
  number={6},
  pages={912--919},
  year={2007},
  publisher={Elsevier}
}
@article{ndou2004government,
  title={E--Government for developing countries: opportunities and challenges},
  author={Ndou, Valentina},
  journal={The electronic journal of information systems in developing countries},
  volume={18},
  number={1},
  pages={1--24},
  year={2004},
  publisher={Wiley Online Library}
}
@misc{lim2016government,
  title={E-Government for sustainable development in SIDS},
  author={Lim, Jae-hong}
}
@book{clayton2018sustainability,
  title={Sustainability: a systems approach},
  author={Clayton, Tony and Radcliffe, Nicholas},
  year={2018},
  publisher={Routledge}
}
@article{deen2015information,
  title={Information and communications technologies for elderly ubiquitous healthcare in a smart home},
  author={Deen, M Jamal},
  journal={Personal and Ubiquitous Computing},
  volume={19},
  number={3-4},
  pages={573--599},
  year={2015},
  publisher={Springer-Verlag}
}
@misc{ftech,
  title={Frontier technologies for
sustainable development,World Economic and Social Survey 2018},
  author={United Nations, Department of Economic and Social Affairs},
  journal={https://www.un.org/development/desa/dpad/wp-content/uploads/sites/45/publication/WESS2018_full_web.pdf}
}
@article{dinh2018,
  title={Untangling blockchain: A data processing view of blockchain systems},
  author={Dinh, Tien Tuan Anh and Liu, Rui and Zhang, Meihui and Chen, Gang and Ooi, Beng Chin and Wang, Ji},
  journal={IEEE Transactions on Knowledge and Data Engineering},
  volume={30},
  number={7},
  pages={1366--1385},
  year={2018},
  publisher={IEEE}
}
@Inbook{Xu2019,
	author="Xu, Xiwei
	and Weber, Ingo
	and Staples, Mark",
	title="Case Study: AgriDigital",
	bookTitle="Architecture for Blockchain Applications",
	year="2019",
	publisher="Springer International Publishing",
	address="Cham",
	pages="239--255",
	isbn="978-3-030-03035-3",
	doi="10.1007/978-3-030-03035-3_12",
	url="https://doi.org/10.1007/978-3-030-03035-3_12"
}
@article{kamilaris2019rise,
  title={The Rise of Blockchain Technology in Agriculture and Food Supply Chains},
  author={Kamilaris, Andreas and Fonts, Agusti and Prenafeta-Bold{\'u}, Francesc X},
  journal={Trends in Food Science \& Technology},
  year={2019},
  publisher={Elsevier}
}
